@misc{Dua:2019 ,
author = "Dua, Dheeru and Graff, Casey",
year = "2017",
title = "{UCI} Machine Learning Repository",
url = "http://archive.ics.uci.edu/ml",
institution = "University of California, Irvine, School of Information and Computer Sciences"
}

@misc{beijing_data ,
author = "{Liang X.} and {Zou T.} and {Guo B.} and {Li S.} and {Zhang H.} and {Zhang S.} and {Huang H.} and {Chen S. X.}",
year = "2015",
title = "Assessing Beijing's PM2.5 pollution: severity, weather impact, APEC and winter heating",
url = "https://archive.ics.uci.edu/ml/datasets/Beijing+PM2.5+Data"}