@inproceedings{KhoslaYaoJayadevaprakashFeiFei_FGVC2011,
author = "Aditya Khosla and Nityananda Jayadevaprakash and Bangpeng Yao and Li Fei-Fei",
title = "Novel Dataset for Fine-Grained Image Categorization",
booktitle = "First Workshop on Fine-Grained Visual Categorization, IEEE Conference on Computer Vision and Pattern Recognition",
year = "2011",
month = "June",
address = "Colorado Springs, CO",
}

@inproceedings{imagenet_cvpr09,
AUTHOR = {Deng, J. and Dong, W. and Socher, R. and Li, L.-J. and Li, K. and Fei-Fei, L.},
TITLE = {{ImageNet: A Large-Scale Hierarchical Image Database}},
BOOKTITLE = {CVPR09},
YEAR = {2009},
BIBSOURCE = "http://www.image-net.org/papers/imagenet_cvpr09.bib"
}

@misc{chollet2015keras,
  title={Keras},
  author={Chollet, Fran\c{c}ois and others},
  year={2015},
  howpublished={\url{https://keras.io}},
}

@misc{vgg19,
    title={Very Deep Convolutional Networks for Large-Scale Image Recognition},
    author={Karen Simonyan and Andrew Zisserman},
    year={2014},
    eprint={1409.1556},
    archivePrefix={arXiv},
    primaryClass={cs.CV}
}

@misc{xception,
    title={Xception: Deep Learning with Depthwise Separable Convolutions},
    author={Fran√ßois Chollet},
    year={2016},
    eprint={1610.02357},
    archivePrefix={arXiv},
    primaryClass={cs.CV}
}

@misc{inceptionv3,
    title={Rethinking the Inception Architecture for Computer Vision},
    author={Christian Szegedy and Vincent Vanhoucke and Sergey Ioffe and Jonathon Shlens and Zbigniew Wojna},
    year={2015},
    eprint={1512.00567},
    archivePrefix={arXiv},
    primaryClass={cs.CV}
}

@misc{inception_resnet,
    title={Inception-v4, Inception-ResNet and the Impact of Residual Connections on Learning},
    author={Christian Szegedy and Sergey Ioffe and Vincent Vanhoucke and Alex Alemi},
    year={2016},
    eprint={1602.07261},
    archivePrefix={arXiv},
    primaryClass={cs.CV}
}